<record><leader>00000cas a22000007a 4500</leader><controlfield tag="001">27819802</controlfield><controlfield tag="008">930329d197u1978ctudn ne      0    0eng d</controlfield><datafield ind1=" " ind2=" " tag="010"><subfield code="a">sn 93053885 </subfield></datafield><datafield ind1=" " ind2=" " tag="040"><subfield code="a">CNW</subfield><subfield code="b">eng</subfield><subfield code="c">CNW</subfield><subfield code="d">OCLCQ</subfield></datafield><datafield ind1=" " ind2=" " tag="042"><subfield code="a">msc</subfield></datafield><datafield ind1="0" ind2=" " tag="130"><subfield code="a">Evening herald (Manchester, Conn. : 1978)</subfield></datafield><datafield ind1="1" ind2="0" tag="245"><subfield code="a">Evening herald.</subfield></datafield><datafield ind1=" " ind2=" " tag="260"><subfield code="a">Manchester, Conn. :</subfield><subfield code="b">[Manchester Pub. Co.]</subfield></datafield><datafield ind1=" " ind2=" " tag="300"><subfield code="a">v.</subfield></datafield><datafield ind1=" " ind2=" " tag="310"><subfield code="a">Daily (except Sun. and holidays)</subfield></datafield><datafield ind1="1" ind2=" " tag="362"><subfield code="a">Ceased in 1978.</subfield></datafield><datafield ind1=" " ind2=" " tag="588"><subfield code="a">Description based on: Vol. 97, no. 302 (Sept. 25, 1978).</subfield></datafield><datafield ind1=" " ind2="4" tag="651"><subfield code="a">East Hartford (Conn.)</subfield><subfield code="v">Newspapers.</subfield></datafield><datafield ind1=" " ind2=" " tag="752"><subfield code="a">United States</subfield><subfield code="b">Connecticut</subfield><subfield code="c">Hartford</subfield><subfield code="d">Manchester.</subfield></datafield><datafield ind1="0" ind2=" " tag="775"><subfield code="t">Manchester evening herald</subfield><subfield code="w">(DLC)sn 93053882</subfield></datafield><datafield ind1="0" ind2="0" tag="785"><subfield code="t">East Hartford evening herald</subfield><subfield code="w">(DLC)sn 93053886</subfield></datafield><datafield ind1="1" ind2=" " tag="029"><subfield code="a">AU@</subfield><subfield code="b">000020737813</subfield></datafield></record>